%% Example References
%---------------------------------------------------------------------------------------------------------------------------------------------------------
@article{Linhart2014,
author = {Jean Marie Linhart},
title = {Teaching Writing and Communication in a Mathematical Modeling Course},
journal = {PRIMUS},
volume = {24},
number = {7},
pages = {594-607},
year = {2014}
},

@book{higham1998handbook,
  Title={Handbook of writing for the mathematical sciences},
  author={Higham, N.J.},
  year={1998},
  publisher={Society for Industrial Mathematics}
},

@misc{vihart,
  Title={Pi is (still) wrong},
  author={Hart, V. I.},
  year={2011},
  publisher={YouTube},
url = {http://vihart.com/blog/pi-is-still-wrong/}
},

@misc{taumanifesto,
Title={The {T}au {M}anifesto},
author={Michael Hartl},
year={2010},
url = {http://tauday.com/}
},

@misc{chaoswiki,
Title={Chaos {T}heory},
author={Wikipedia},
year={2012},
url = {http://en.wikipedia.org/Chaos_theory}
},

@misc{fractalwiki,
Title={Fractal},
author={Wikipedia},
year={2012},
url = {http://en.wikipedia.org/Fractal}
},

@article{Linhart2008,
Author="J. M. Linhart",
Title="Algorithm 885: Computing the logarithm of the normal distribution.",
Journal="ACM Transactions on Mathematical Software",
Pages="Article 20",
Volume=35,
Year=2008
},
%---------------------------------------------------------------------------------------------------------------------------------------------------------
@misc{storybooks,
Title = {Storybook: UI Component Explorer for Frontend Developers},
author = {Storybook},
year = {2020},
url = {https://storybook.js.org/}
},

@misc{zapierSecure,
Title = {The 6 Most Secure Email Services and the Security Measures They Practice},
Author = {Benjamin Brandall},
Year = {2019},
url = {https://zapier.com/blog/secure-email/}
},

@misc{encryptionStrength,
Title = {How long would it take to bruteforce an AES-128 protected pdf knowing the key is 20 letter long and that the charset is A-Z,0-9?},
Author = {Tom Leek},
Year = {2014},
url = {https://security.stackexchange.com/questions/61346/how-long-would-it-take-to-bruteforce-an-aes-128-protected-pdf-knowing-the-key-is}
},

@misc{Mailspring,
Title = {Mailspring: A New Version of Nylas Mail},
Author = {Foundry376},
Year = {2021},
url = {https://github.com/Foundry376/Mailspring},
},

@misc{ElectronMail,
Title = {ElectronMail | Unofficial Desktop Client for ProtonMail},
Author = {Vladimir Yakovlev},
Year = {2020},
url = {https://github.com/vladimiry/ElectronMail}
},